@String{DOI = {https://doi.org/}}

@Misc{Link_Coq_Ref,
  key =          {Coq-ref},
  title =        {The {Coq} Reference Manual},
  url =          {https://coq.inria.fr/refman/},
}

@inproceedings{jscoq,
  author    = {Gallego Arias, Emilio Jes\'us and Pin, Beno\^it and Jouvelot, Pierre},
  year      = {2017},
  title     = {{jsCoq: Towards Hybrid Theorem Proving Interfaces}},
  editor    = {Autexier, S. and Quaresma, P.},
  booktitle = {Proc. of the 12th Workshop on User Interfaces for Theorem Provers ({UITP 2016})},
  location  = {Coimbra, Portugal},
  date      = {July 2016},
  series    = {Electronic Proceedings in Theoretical Computer Science},
  volume    = {239},
  publisher = {Open Publishing Association},
  pages     = {15--27},
  OPTdoi       = {10.4204/EPTCS.239.2},
  url       = DOI # {10.4204/EPTCS.239.2},
  note      = {\url{https://doi.org/10.4204/EPTCS.239.2}},
  issn      = {2075-2180},
}

@book            {Pierce:SF1,
author       =   {Benjamin C. Pierce and
		  Arthur Azevedo de Amorim and
		  Chris Casinghino and
		  Marco Gaboardi and
		  Michael Greenberg and
		  Cătălin Hriţcu and
		  Vilhelm Sjöberg and
		  Brent Yorgey},
editor       =   {Benjamin C. Pierce},
title        =   "Logical Foundations",
series       =   "Software Foundations",
volume       =   "1",
year         =   "2023",
publisher    =   "Electronic textbook",
note         =   {Version 6.5, \url{http://softwarefoundations.cis.upenn.edu}}
}

@book{bertot2013interactive,
  title={Interactive theorem proving and program development: Coq'Art: the calculus of inductive constructions},
  author={Bertot, Yves and Cast{\'e}ran, Pierre},
  year={2013},
  publisher={Springer Science \& Business Media}
}

@inproceedings{appel2022coq,
  title={Coq’s vibrant ecosystem for verification engineering (invited talk)},
  author={Appel, Andrew W},
  booktitle={Proceedings of the 11th ACM SIGPLAN International Conference on Certified Programs and Proofs},
  pages={2--11},
  year={2022}
}
